@online{wikipedia,
    author = "Wikipedia",
    title = "Netflow",
    url  = "https://en.wikipedia.org/wiki/NetFlow",
    keywords = "netflow"
}
@online{netflow-format,
    author = "Cisco",
    title = "Netflow Export Datagram Format",
    url  = "https://www.cisco.com/c/en/us/td/docs/net_mgmt/netflow_collection_engine/3-6/user/guide/format.html",
    keywords = "netflow, export, format"
}
@online{cpp-pcap,
    author = "TCPDUMP",
    title = "Programming with PCAP",
    url  = "https://www.tcpdump.org/pcap.html",
    keywords = "pcap, cpp"
}

